@article{Kim2015,

	author = {Kim, Dae-Sun and Kim, Kwang-Jin and Cho, Jaeil and Chung, Sung-Rae and Lee, Yang-Won},

	doi = {10.14383/cri.2015.10.1.43},

	file = {:home/guitar79/.local/share/data/Mendeley Ltd./Mendeley Desktop/Downloaded/Kim et al. - 2015 - A Comparative Study on the Generation of COMS Level 3 Product for Sea Surface Temperature.pdf:pdf},

	issn = {19756151},

	journal = {Journal of Climate Research},

	number = {1},

	pages = {43--56},

	title = {{A Comparative Study on the Generation of COMS Level 3 Product for Sea Surface Temperature}},

	volume = {10},

	year = {2015}

}

@article{Society2020,

	author = {Society, Korean Meteorological and Information, Copyright},

	file = {:home/guitar79/.local/share/data/Mendeley Ltd./Mendeley Desktop/Downloaded/Society, Information - 2020 - TerraMODIS 자료를 이용한 해수면온도 산출.pdf:pdf},

	title = {{Terra/MODIS 자료를 이용한 해수면온도 산출}},

	year = {2020}

}

@article{Ami2020,

	author = {Ami, Geo-kompsat-a},

	file = {:home/guitar79/.local/share/data/Mendeley Ltd./Mendeley Desktop/Downloaded/Ami - 2020 - Geo-KOMPSAT-2AAMI 해수면온도 산출 알고리즘 개발.pdf:pdf},

	pages = {2--3},

	title = {{Geo-KOMPSAT-2A/AMI 해수면온도 산출 알고리즘 개발}},

	year = {2020}

}

@article{Choi2018,

	author = {Choi, Jae-cheol Jang Kyung-ae Park Do-young},

	file = {:home/guitar79/.local/share/data/Mendeley Ltd./Mendeley Desktop/Downloaded/Choi - 2018 - 고해상도 위성자료를 활용한 과학 영재 대상 해수면 온도 산출 R & E 프로그램 개발 Development.pdf:pdf},

	number = {1},

	pages = {113--126},

	title = {{고해상도 위성자료를 활용한 과학 영재 대상 해수면 온도 산출 R & E 프로그램 개발 Development of Sea Surface Temperature Retrieval R & E Program using High-Resolution Satellite Data for Science-Gifted Student}},

	volume = {12},

	year = {2018}

}

@article{Baek2019,

	author = {Baek, You-hyun and Moon, Il-ju and Reach, Korea Ocean},

	file = {:home/guitar79/.local/share/data/Mendeley Ltd./Mendeley Desktop/Downloaded/Baek, Moon, Reach - 2019 - The Accuracy of Satellite-composite GHRSST and Model-reanalysis Sea Surface Temperature Data at the Seas Adja.pdf:pdf},

	issn = {1598-141X},

	journal = {Ocean and Polar Research},

	keywords = {Korean peninsula,accuracy,model reanalysis,satellite composite,sea surface temperature,tide,typhoon,upwelling},

	number = {4},

	pages = {213--232},

	title = {{The Accuracy of Satellite-composite GHRSST and Model-reanalysis Sea Surface Temperature Data at the Seas Adjacent to the Korean Peninsula}},

	volume = {41},

	year = {2019}

}

@article{Surface2010,

	author = {Surface, Sea and Products, Temperature and Cloud, Considering and Using, Effects and Data, Avhrr and Study, Case},

	file = {:home/guitar79/.local/share/data/Mendeley Ltd./Mendeley Desktop/Downloaded/Surface et al. - 2010 - TeraScan 시스템에서 NOAA AVHRR 해수면온도 산출시 구름 영향에 따른 신.pdf:pdf},

	title = {{TeraScan 시스템에서 NOAA / AVHRR 해수면온도 산출시 구름 영향에 따른 신뢰도 부여 기법 : 5 월 자료 적용 Generation of Sea Surface Temperature Products Considering Cloud Effects Using NOAA / AVHRR Data in the TeraScan System : Case Study for May Data}},

	year = {2010}

}

@article{Society2020a,

	author = {Society, Korean Meteorological},

	file = {:home/guitar79/.local/share/data/Mendeley Ltd./Mendeley Desktop/Downloaded/Society - 2020 - 실시간 해수면온도(sst) 합성장 생산과 서비스 소개.pdf:pdf},

	title = {실시간 해수면온도(sst) 합성장 생산과 서비스 소개},

	year = {2020}

}

@article{Modis2002,

	author = {Modis, Terra},

	file = {:home/guitar79/.local/share/data/Mendeley Ltd./Mendeley Desktop/Downloaded/Modis - 2002 - TerraMODIS 해수면온도 산출 및 검증.pdf:pdf},

	title = {{Terra/MODIS 해수면온도 산출 및 검증}},

	year = {2002}

}
@article{wu2007regimes,
	title={Regimes of seasonal air--sea interaction and implications for performance of forced simulations},
	author={Wu, Renguang and Kirtman, Ben P},
	journal={Climate dynamics},
	volume={29},
	number={4},
	pages={393--410},
	year={2007},
	publisher={Springer}
}

@article{정은실2019한반도에서,
	title={한반도에서 위험기상 발생 시 나타나는 해수면온도 변동의 특성},
	author={정은실},
	journal={한국지구과학회지},
	volume={40},
	number={3},
	pages={240--258},
	year={2019},
	publisher={한국지구과학회}
}


@article{walton1988nonlinear,
	title={Nonlinear multichannel algorithms for estimating sea surface temperature with AVHRR satellite data},
	author={Walton, Charles C},
	journal={Journal of Applied Meteorology and Climatology},
	volume={27},
	number={2},
	pages={115--124},
	year={1988}
}

@misc{Level,
	title = {Product definitions},
	howpublished = {\url{https://oceancolor.gsfc.nasa.gov/products/}},
	note = {Accessed: 2021-06-30}
}
